@article{russell1995modern,
  title={Artificial Intelligence: A modern approach},
  author={Russell, Stuart and Norvig, Peter},
  journal={Prentice-Hall, Egnlewood Cliffs},
  volume={25},
  pages={27},
  year={1995}
}

@inproceedings{huang2011adversarial,
  title={Adversarial machine learning},
  author={Huang, Ling and Joseph, Anthony D and Nelson, Blaine and Rubinstein, Benjamin IP and Tygar, JD},
  booktitle={Proceedings of the 4th ACM workshop on Security and artificial intelligence},
  pages={43--58},
  year={2011},
  organization={ACM}
}

@inproceedings{barreno2006can,
  title={Can machine learning be secure?},
  author={Barreno, Marco and Nelson, Blaine and Sears, Russell and Joseph, Anthony D and Tygar, J Doug},
  booktitle={Proceedings of the 2006 ACM Symposium on Information, computer and communications security},
  pages={16--25},
  year={2006},
  organization={ACM}
}

@article{srivastava2014dropout,
  title={Dropout: a simple way to prevent neural networks from overfitting.},
  author={Srivastava, Nitish and Hinton, Geoffrey E and Krizhevsky, Alex and Sutskever, Ilya and Salakhutdinov, Ruslan},
  journal={Journal of machine learning research},
  volume={15},
  number={1},
  pages={1929--1958},
  year={2014}
}

@article{szegedy2013intriguing,
  title={Intriguing properties of neural networks},
  author={Szegedy, Christian and Zaremba, Wojciech and Sutskever, Ilya and Bruna, Joan and Erhan, Dumitru and Goodfellow, Ian and Fergus, Rob},
  journal={arXiv preprint arXiv:1312.6199},
  year={2013}
}
